<?xml version="1.0" encoding="UTF-8"?><record xmlns="http://www.loc.gov/MARC21/slim" xmlns:cinclude="http://apache.org/cocoon/include/1.0" xmlns:zs="http://www.loc.gov/zing/srw/">
  <leader>00480nz  a2200145n  4500</leader>
  <controlfield tag="001">no2007147723</controlfield>
  <controlfield tag="003">DLC</controlfield>
  <controlfield tag="005">20071205075317.0</controlfield>
  <controlfield tag="008">071203n| acannaabn          |n ana     c</controlfield>
  <datafield tag="010" ind1=" " ind2=" ">
    <subfield code="a">no2007147723</subfield>
  </datafield>
  <datafield tag="035" ind1=" " ind2=" ">
    <subfield code="a">(OCoLC)oca07597004</subfield>
  </datafield>
  <datafield tag="040" ind1=" " ind2=" ">
    <subfield code="a">IAhCCS</subfield>
    <subfield code="b">eng</subfield>
    <subfield code="c">IAhCCS</subfield>
  </datafield>
  <datafield tag="130" ind1=" " ind2="0">
    <subfield code="a">Bourne ultimatum (Motion picture)</subfield>
  </datafield>
  <datafield tag="670" ind1=" " ind2=" ">
    <subfield code="a">The Bourne ultimatum, c2007:</subfield>
    <subfield code="b">container (directed by Paul Greengrass)</subfield>
  </datafield>
  <datafield tag="670" ind1=" " ind2=" ">
    <subfield code="a">OCLC, Dec. 3, 2007</subfield>
    <subfield code="b">(hdg.: Bourne ultimatum (Motion picture) [for soundtrack])</subfield>
  </datafield>
</record>